@article{ref1,
	Author = {Peter Wriggers},
	Journal = {Finite Element Algorithms for Contact Problems},
	Title = {Finite Element Algorithms for Contact Problems},
	Year = {1995}}

@article{ref2,
	Author = {G. P. Nikishkov and Aizu-Wakamatsu},
	Journal = { Introduction to the Finite Element Method},
	Title = { Introduction to the Finite Element Method},
	Year = {2004}}

@article{ref3,
	Author = {Allan F. Bower and Boca Raton},
	Journal = {Applied Mechanics of Solids},
	Title = {Applied Mechanics of Solids},
	Year = {2010}}

@article{ref4,
	Author = {Nam Ho Kim},
	Journal = {Introduction to Nonlinear Finite Element Analysis},
	Title = {Introduction to Nonlinear Finite Element Analysis},
	Year = {2015}}

@article{ref5,
  author          = {},
  title           = {},
  journal         = {},
  volume          = {},
  number          = {},
  year            = {}
}